<?xml version="1.0" encoding="UTF-8"?><collection><record><leader>06602ntm a2200565 a 4500</leader><controlfield tag="001">006305594</controlfield><controlfield tag="003">MiAaHDL</controlfield><controlfield tag="005">20190719000000.0</controlfield><controlfield tag="006">m        d        </controlfield><controlfield tag="007">cr bn ---auaua</controlfield><controlfield tag="008">090417s1456    xx            00| ||ara d</controlfield><datafield tag="035" ind1=" " ind2=" "><subfield code="a">(MiU)006305594</subfield></datafield><datafield tag="035" ind1=" " ind2=" "><subfield code="a">sdr-miu006305594</subfield></datafield><datafield tag="040" ind1=" " ind2=" "><subfield code="a">MiU</subfield><subfield code="c">MiU</subfield><subfield code="e">amremm</subfield></datafield><datafield tag="043" ind1=" " ind2=" "><subfield code="a">n-us-mi</subfield></datafield><datafield tag="100" ind1="1" ind2=" "><subfield code="6">880-01</subfield><subfield code="a">Ibn Malak, ʻAbd al-Laṭīf ibn ʻAbd al-ʻAzīz.</subfield></datafield><datafield tag="240" ind1="1" ind2="0"><subfield code="6">880-02</subfield><subfield code="a">Sharḥ Majmaʻ al-baḥrayn.</subfield><subfield code="n">Juzʼ 2</subfield></datafield><datafield tag="245" ind1="1" ind2="3"><subfield code="6">880-03</subfield><subfield code="a">[al-Jild al-thānī min Sharḥ Majmaʻ al-Baḥrayn,</subfield><subfield code="f">860, i.e. 1456].</subfield></datafield><datafield tag="260" ind1=" " ind2=" "><subfield code="c">[1456].</subfield></datafield><datafield tag="300" ind1=" " ind2=" "><subfield code="a">329 leaves :</subfield><subfield code="b">paper ;</subfield><subfield code="c">275 x 175 (205 x 115) mm. bound to 280 x 200 mm.</subfield></datafield><datafield tag="500" ind1=" " ind2=" "><subfield code="a">Shelfmark: Ann Arbor, University of Michigan, Special Collections Library, Isl. Ms. 82</subfield></datafield><datafield tag="500" ind1=" " ind2=" "><subfield code="a">Origin: As appears in colophon on p.677, copied by Yaʻqūb ibn [?] with transcription finished in Ramaḍān 860 [August 1456].</subfield></datafield><datafield tag="500" ind1=" " ind2=" "><subfield code="a">Former shelfmark: British Museum, London "No. 125. Commentary on Majma al-bahrain II."</subfield></datafield><datafield tag="500" ind1=" " ind2=" "><subfield code="a">Binding: Pasteboards once covered in blue and white marbled paper (see envelope flap) with spine and edges/turn-ins in brown leather (marbled paper faced, leather edged, framed binding) ; Type II binding (with flap) ; board linings in paper ; sewn in cream thread, two stations ; endbands virtually gone with only primaries remaining (in green and yellow) ; in poor condition with much moisture damage, abrasion, staining, delamination of boards (layers of manuscript "waste" visible in lower board), etc. ; spine is intact but detaching from textblock along lining ; severe spine slant (cocked).</subfield></datafield><datafield tag="500" ind1=" " ind2=" "><subfield code="a">Support: non-European laid paper ; laid lines fairly distinct, spaced 7-8 laid lines per cm., running horizontally ; chain lines running vertically, but difficult to examine, may be in groups of 5 with roughly 13 mm. between the chains ; very smooth, well-burnished ; some ink burn ; a few repairs to initial and final leaves.</subfield></datafield><datafield tag="500" ind1=" " ind2=" "><subfield code="a">Decoration: Text rubricated with headings, overlining, sigla, etc. in red.</subfield></datafield><datafield tag="500" ind1=" " ind2=" "><subfield code="a">Script: Naskh ; fine Turkish hand ; virtually serifless ; quite rounded with many freely assimilated letters ; mainly closed counters ; slight effect of words descending to baseline ; kāf mashkūlah preferred ; hāʼ mudghamah looking like two inverted commas ; final words of line often superscript.</subfield></datafield><datafield tag="500" ind1=" " ind2=" "><subfield code="a">Layout: Written in 21 lines per page ; frame-ruled.</subfield></datafield><datafield tag="500" ind1=" " ind2=" "><subfield code="a">Collation: i, 27 IV(216), IV-1 (223), 12 IV(319), IV+2 (329) ; chiefly quaternions ; leaf has been removed from mid-latter quire but without loss of text (copyist apparently skipped a leaf inadvertently) ; catchwords present ; foliation in black ink, Hindu-Arabic numerals (mistakenly repeats ۲٤٨ and ٣٢٣) ; pagination in pencil, Western numerals, supplied during digitization (off by 20 pages, mistakenly skips from p.533 to p.554).</subfield></datafield><datafield tag="500" ind1=" " ind2=" "><subfield code="a">Colophon: "Scribal," triangular, reads: "قد وقع الفراغ من تحرير هذا الكتاب المبارك على يد العبد الضعيف الفقير المحتاج الى رحمة ربه يعقوب بن [كذا] في يوم السبت من ايام شهر رمضان قبل مضي نصفها في سنة ستين وثمانمائة"</subfield></datafield><datafield tag="500" ind1=" " ind2=" "><subfield code="a">Explicit: "واجازها محمد حملا لكلامه الى الصرف الى مصالحة تصحيحا له هذا اخر الكلام الحمد لله على التمام ولرسوله افضل السلام"</subfield></datafield><datafield tag="500" ind1=" " ind2=" "><subfield code="a">Incipit: "كتاب الحوالة وهي اسم بمعنى الاصالة وهي النقل وفي الشرع نقل الدين من ذمة الى ذمة و هي مشروعة لقوله عم من احيل على ملي اي غني فليتبع ..."</subfield></datafield><datafield tag="500" ind1=" " ind2=" "><subfield code="a">Title supplied by cataloguer from inscriptions on front flyleaf and fore-edge flap label.</subfield></datafield><datafield tag="500" ind1=" " ind2=" "><subfield code="a">Ms. codex.</subfield></datafield><datafield tag="510" ind1="4" ind2=" "><subfield code="a">Brockelmann, C. GAL,</subfield><subfield code="c">I, 383 (49/1)</subfield></datafield><datafield tag="520" ind1="8" ind2=" "><subfield code="a">Fine early copy of Firişteoğlu's (Firiştezade, ʻAbd al-Laṭīf ibn ʻAbd al-ʻAzīz al-shahīr bi-Ibn Malak) commentary on Majmaʻ al-Baḥrayn of Ibn al-Sāʻātī (d. 696/1296), a compendium on Ḥanafī law, based on the Mukhtaṣar of al-Qudūrī (d. 428/1037) and the Manẓūmah of al-Nasafī (d. 537/1142).</subfield></datafield><datafield tag="538" ind1=" " ind2=" "><subfield code="a">Mode of access: Internet.</subfield></datafield><datafield tag="541" ind1=" " ind2=" "><subfield code="c">Purchase ;</subfield><subfield code="a">Acquired by purchase along with Abdul Hamid Collection (funds donated by Horace Rackham).</subfield><subfield code="d">1924.</subfield></datafield><datafield tag="546" ind1=" " ind2=" "><subfield code="a">Arabic.</subfield></datafield><datafield tag="561" ind1=" " ind2=" "><subfield code="a">Bookplate of British Museum, London on inner front cover, "No. 125. Commentary on Majma al-bahrain II." ; on front flyleaf, partially legible ownership statement reads "من كتب الفقير ... يوسف بن الحاج محمد ..." ; seal of Solomon inscription (with greatest name of God / al-Ism al-Aʻẓam) on front flyleaf ; circular seal impression with figure of goat/gazelle in purple ink as well as inscription "57" in Western numerals on fol.1a (p.1) ; also on a white slip affixed to fol.1a (p.1), a detailed waqf statement in the name of al-Sayyid ʻAbd Allāh Adīb (Abdullah Edip), known as Jannatʹzādah (Cennet-zade), qāḍī of Erzurum, accompanied by his seal, reads: "وقفت وقفا صحيحا شرعيا بشرط ان لا يخرج من بيت الكتب الذي بنيته في اتصال داري الا لعلماء نفس ارضروم بكفيل مرعى اورهن قوي وانا الفقير السيد عبد الله اديب الشهير بجنت زاده القاضي بمدينة ارضروم في سنة اثنى وستين ومائتين والف" ; on fol.1b (p.2) a waqf statement reads "وقف اولاد لحاجي حسن المرحوم" ; numerous glosses and marginal corrections ; occasional notabilia (side-heads).</subfield></datafield><datafield tag="600" ind1="1" ind2="0"><subfield code="a">Ibn al-Sāʻātī, Aḥmad ibn ʻAlī,</subfield><subfield code="d">1254-1294 or 5.</subfield><subfield code="t">Majmaʻ al-baḥrayn.</subfield></datafield><datafield tag="650" ind1=" " ind2="0"><subfield code="a">Manuscripts, Arabic</subfield><subfield code="z">Michigan</subfield><subfield code="z">Ann Arbor.</subfield></datafield><datafield tag="650" ind1=" " ind2="0"><subfield code="a">Hanafites</subfield><subfield code="v">Early works to 1800.</subfield></datafield><datafield tag="650" ind1=" " ind2="0"><subfield code="a">Islamic law</subfield><subfield code="v">Early works to 1800.</subfield></datafield><datafield tag="773" ind1="0" ind2=" "><subfield code="a">Tiflis Collection.</subfield></datafield><datafield tag="880" ind1="3" ind2=" "><subfield code="6">246-00/</subfield><subfield code="i">Title from label on fore-edge flap:</subfield><subfield code="a">جلد ثاني في شرح مجمع البحرين</subfield></datafield><datafield tag="880" ind1="3" ind2=" "><subfield code="6">246-00/</subfield><subfield code="i">Title from inscription on front flyleaf:</subfield><subfield code="a">كتاب شرح مجمع البحرين جلد ثاني</subfield></datafield><datafield tag="880" ind1="1" ind2="2"><subfield code="6">245-03/</subfield><subfield code="a">[الجلد الثاني من شرح مجمع البحرين,</subfield><subfield code="f">860ه، 1456م].</subfield></datafield><datafield tag="880" ind1="1" ind2="0"><subfield code="6">240-02/</subfield><subfield code="a">شرح مجمع البحرين.</subfield><subfield code="n">جزء 2</subfield></datafield><datafield tag="880" ind1="1" ind2=" "><subfield code="6">100-01/</subfield><subfield code="a">ابن ملك، عبد اللطيف بن عبد العزيز.</subfield></datafield><datafield tag="CID" ind1=" " ind2=" "><subfield code="a">006305594</subfield></datafield><datafield tag="DAT" ind1="0" ind2=" "><subfield code="a">20190719102634.0</subfield><subfield code="b">20190719000000.0</subfield></datafield><datafield tag="DAT" ind1="1" ind2=" "><subfield code="a">20190719090653.0</subfield><subfield code="b">2019-07-19T16:11:13Z</subfield></datafield><datafield tag="DAT" ind1="2" ind2=" "><subfield code="a">2015-10-02T18:00:03Z</subfield></datafield><datafield tag="CAT" ind1=" " ind2=" "><subfield code="a">SDR-MIU</subfield><subfield code="d">EX LIBRIS - ALEPH</subfield><subfield code="l">prepare.pl-004-008</subfield></datafield><datafield tag="FMT" ind1=" " ind2=" "><subfield code="a">BK</subfield></datafield><datafield tag="HOL" ind1=" " ind2=" "><subfield code="0">sdr-miu006305594</subfield><subfield code="a">MiU</subfield><subfield code="b">SDR</subfield><subfield code="c">MIU</subfield><subfield code="p">mdp.39015079124874</subfield><subfield code="s">MIU</subfield><subfield code="1">006305594</subfield></datafield><datafield tag="974" ind1=" " ind2=" "><subfield code="b">MIU</subfield><subfield code="c">MIU</subfield><subfield code="d">20190719</subfield><subfield code="s">lit-dlps-dc</subfield><subfield code="u">mdp.39015079124874</subfield><subfield code="y">1456</subfield><subfield code="r">pd</subfield><subfield code="q">bib</subfield><subfield code="t">non-US bib date1 &lt; 1879</subfield></datafield></record></collection>